/Users/arbeit/Google Drive/library.bib